<record><leader>00000cas a22000007a 4500</leader><controlfield tag="001">41305901</controlfield><controlfield tag="008">990505d19651966tnuwr ne      0    0eng d</controlfield><datafield ind1=" " ind2=" " tag="010"><subfield code="a">sn 99065810 </subfield></datafield><datafield ind1=" " ind2=" " tag="040"><subfield code="a">TGN</subfield><subfield code="b">eng</subfield><subfield code="c">TGN</subfield><subfield code="d">OCLCF</subfield><subfield code="d">OCLCO</subfield></datafield><datafield ind1="1" ind2=" " tag="029"><subfield code="a">AU@</subfield><subfield code="b">000020123772</subfield></datafield><datafield ind1=" " ind2=" " tag="042"><subfield code="a">msc</subfield></datafield><datafield ind1="0" ind2="0" tag="245"><subfield code="a">Grundy County herald combined with the north Grundy star.</subfield></datafield><datafield ind1="3" ind2="0" tag="246"><subfield code="a">North Grundy star</subfield></datafield><datafield ind1="1" ind2="7" tag="246"><subfield code="a">Grundy County herald</subfield></datafield><datafield ind1=" " ind2=" " tag="260"><subfield code="a">Tracy City, Tenn. :</subfield><subfield code="b">Herald Pub. Co.,</subfield><subfield code="c">1965-1966.</subfield></datafield><datafield ind1=" " ind2=" " tag="300"><subfield code="a">v.</subfield></datafield><datafield ind1=" " ind2=" " tag="310"><subfield code="a">Weekly</subfield></datafield><datafield ind1="0" ind2=" " tag="362"><subfield code="a">Vol. 35, no. 41 (Mar. 25, 1965)-v. 37, no. 12 (Sept. 1, 1966).</subfield></datafield><datafield ind1=" " ind2=" " tag="580"><subfield code="a">Formed by the union of: Grundy County herald (Tracy City, Tenn. : 1929), and: North Grundy star.</subfield></datafield><datafield ind1=" " ind2="0" tag="651"><subfield code="a">Tracy City (Tenn.)</subfield><subfield code="v">Newspapers.</subfield></datafield><datafield ind1=" " ind2="0" tag="651"><subfield code="a">Grundy County (Tenn.)</subfield><subfield code="v">Newspapers.</subfield></datafield><datafield ind1=" " ind2="7" tag="655"><subfield code="a">Newspapers.</subfield><subfield code="2">fast</subfield><subfield code="0">(OCoLC)fst01423814</subfield></datafield><datafield ind1=" " ind2="7" tag="651"><subfield code="a">Tennessee</subfield><subfield code="z">Grundy County.</subfield><subfield code="2">fast</subfield><subfield code="0">(OCoLC)fst01203199</subfield></datafield><datafield ind1=" " ind2="7" tag="651"><subfield code="a">Tennessee</subfield><subfield code="z">Tracy City.</subfield><subfield code="2">fast</subfield><subfield code="0">(OCoLC)fst01284420</subfield></datafield><datafield ind1=" " ind2=" " tag="752"><subfield code="a">United States</subfield><subfield code="b">Tennessee</subfield><subfield code="c">Grundy</subfield><subfield code="d">Tracy City.</subfield></datafield><datafield ind1="1" ind2="4" tag="780"><subfield code="t">Grundy County herald (Tracy City, Tenn. : 1929)</subfield><subfield code="w">(DLC)sn 89058314</subfield></datafield><datafield ind1="1" ind2="4" tag="780"><subfield code="t">North Grundy star</subfield><subfield code="w">(DLC)sn 88061285</subfield></datafield><datafield ind1="0" ind2="0" tag="785"><subfield code="t">Grundy County herald (Tracy City, Tenn. : 1966)</subfield><subfield code="w">(DLC)sn 99065811</subfield></datafield></record>